@article{article,
author = {Tian, Zong and Wu, Ning},
year = {2006},
month = {03},
pages = {},
title = {Probabilistic Model for Signalized Intersection Capacity with a Short Right-Turn Lane},
volume = {132},
journal = {Journal of Transportation Engineering-asce - J TRANSP ENG-ASCE},
doi = {10.1061/(ASCE)0733-947X(2006)132:3(205)}
}