@misc{traffic,
  title = {traffic prediction},
  url = {https://www.kaggle.com/code/puneetgupta24/traffic-prediction},
  urldate = {2024-05-13},
  organization = {kaggle.com}
}

@misc{gupta_2020_linear,
  author = {Gupta, Sanjeev },
  month = {09},
  publisher = {Sanjeev Gupta},
  title = {Linear Regression Implementation From Scratch using Python},
  url = {https://www.geeksforgeeks.org/linear-regression-implementation-from-scratch-using-python},
  urldate = {2024-05-13},
  year = {2020},
  organization = {GeeksforGeeks}
}

@misc{the_2022_overleaf,
  author = {the, Overleaf},
  title = {Overleaf, Online LaTeX Editor},
  url = {https://www.overleaf.com},
  year = {2022},
  organization = {Overleaf.com}
}

@misc{association_2022_signal,
  author = {Association, Fedral Highway},
  month = {05},
  title = {SIGNAL TIMING ON A SHOESTRING - III. Signal Timing Tool Box},
  url = {https://ops.fhwa.dot.gov/publications/signal_timing/03.htm#:~:text=Phase%20Time%20%3D%203.8%20%2B%202.1%20},
  urldate = {2024-05-13},
  year = {2022},
  organization = {ops.fhwa.dot.gov}
}

@article{tian_2006_probabilistic,
  author = {Tian, Zong and Wu, Ning},
  month = {03},
  title = {Probabilistic model for signalized intersection capacity with a short right-turn lane},
  doi = {10.1061/(ASCE)0733-947X(2006)132:3(205)},
  volume = {132},
  year = {2006},
  journal = {Journal of Transportation Engineering-asce - J TRANSP ENG-ASCE}
}

@misc{greenshields,
  title = {Greenshields Model},
  url = {https://www.webpages.uidaho.edu/niatt_labmanual/chapters/trafficflowtheory/theoryandconcepts/GreenshieldsModel.htm},
  organization = {www.webpages.uidaho.edu}
}

@misc{traffic,
  title = {traffic flow prediction research paper},
  url = {https://www.bing.com/search?pglt=171&q=traffic+flow+prediction+research+paper&cvid=4445a6780b8042faa85854c53514ffc6&gs_lcrp=EgZjaHJvbWUyBggAEEUYOTIGCAEQABhAMgYIAhAAGEAyBggDEAAYQDIGCAQQABhAMgYIBRAAGEAyBggGEAAYQDIGCAcQABhAMgYICBAAGEDSAQkxODc5M2owajGoAgCwAgA&FORM=ANNTA1&PC=ASTS},
  urldate = {2024-05-13},
  organization = {Bing}
}